@article{schroffFaceNetUnifiedEmbedding2015,
  author = {Schroff, Florian and Kalenichenko, Dmitry and Philbin, James},
  title = {{{FaceNet}}: {{A Unified Embedding}} for {{Face Recognition}} and {{Clustering}}},
  year = {2015},
  doi = {10.1109/CVPR.2015.7298682},
  eprinttype = {arxiv},
  eprint = {1503.03832},
  urldate = {2019-12-02},
  archivePrefix = {arXiv},
  journal = {2015 IEEE Conference on Computer Vision and Pattern Recognition (CVPR)},
  pages = {815--823},
  url = {http://arxiv.org/abs/1503.03832}
}

@inproceedings{sagonas300FacesIntheWild2013,
  author = {Sagonas, Christos and Tzimiropoulos, Georgios and Zafeiriou, Stefanos and Pantic, Maja},
  title = {300 {{Faces}} In-the-{{Wild Challenge}}: {{The First Facial Landmark Localization Challenge}}},
  publisher = {{IEEE}},
  year = {2013},
  address = {{Sydney, Australia}},
  isbn = {978-1-4799-3022-7},
  doi = {10.1109/ICCVW.2013.59},
  booktitle = {2013 {{IEEE International Conference}} on {{Computer Vision Workshops}}},
  urldate = {2019-10-06},
  pages = {397--403},
  url = {http://ieeexplore.ieee.org/document/6755925/}
}
